@book{Aho:72,
    author  = {Alfred V. Aho and Jeffrey D. Ullman},
    title   = {The Theory of Parsing, Translation and Compiling},
    year    = "1972",
    volume  = "1",
    publisher = {Prentice-Hall},
    address = {Englewood Cliffs, NJ}
}

@book{APA:83,
    author  = {{American Psychological Association}},
    title   = {Publications Manual},
    year    = "1983",
   publisher = {American Psychological Association},
   address = {Washington, DC}
}

@article{Chandra:81,
	author = {Ashok K. Chandra and Dexter C. Kozen and Larry J. Stockmeyer},
	year = "1981",
	title = {Alternation},
	journal = {Journal of the Association for Computing Machinery},
	volume = "28",
	number = "1",
	pages = "114--133",
	doi = "10.1145/322234.322243",
}

@inproceedings{andrew2007scalable,
  title={Scalable training of {L1}-regularized log-linear models},
  author={Andrew, Galen and Gao, Jianfeng},
  booktitle={Proceedings of the 24th International Conference on Machine Learning},
  pages={33--40},
  year={2007},
}

@book{Gusfield:97,
    author  = {Dan Gusfield},
    title   = {Algorithms on Strings, Trees and Sequences},
    year    = "1997",
    publisher = {Cambridge University Press},
    address = {Cambridge, UK}
}

@article{rasooli-tetrault-2015,
    author    = {Mohammad Sadegh Rasooli and Joel R. Tetreault},
    title     = {Yara Parser: {A} Fast and Accurate Dependency Parser},
    journal   = {Computing Research Repository},
    volume    = {arXiv:1503.06733},
    year      = {2015},
    url       = {http://arxiv.org/abs/1503.06733},
    note    = {version 2}
}

@article{Ando2005,
	Acmid = {1194905},
	Author = {Ando, Rie Kubota and Zhang, Tong},
	Issn = {1532-4435},
	Issue_Date = {12/1/2005},
	Journal = {Journal of Machine Learning Research},
	Month = dec,
	Numpages = {37},
	Pages = {1817--1853},
	Publisher = {JMLR.org},
	Title = {A Framework for Learning Predictive Structures from Multiple Tasks and Unlabeled Data},
	Volume = {6},
	Year = {2005}}

@misc{kunchukuttan2020indicnlp,
author = "Anoop Kunchukuttan",
title = "{The IndicNLP Library}",
year = "2020",
howpublished={\url{https://github.com/anoopkunchukuttan/indic_nlp_library/blob/master/docs/indicnlp.pdf}}
}

@Misc{johnson2014,
author = {Kyle P. Johnson et al.},
title = {CLTK: The Classical Language Toolkit},
howpublished = {\url{https://github.com/cltk/cltk}},
note = {{DOI} 10.5281/zenodo.593336},
year = {2014--2019},
}

@article{mikolov2013efficient,
  title={Efficient estimation of word representations in vector space},
  author={Mikolov, Tomas and Chen, Kai and Corrado, Greg and Dean, Jeffrey},
  journal={arXiv preprint arXiv:1301.3781},
  year={2013}
}

@article{eisner2016emoji2vec,
  title={emoji2vec: Learning emoji representations from their description},
  author={Eisner, Ben and Rockt{\"a}schel, Tim and Augenstein, Isabelle and Bo{\v{s}}njak, Matko and Riedel, Sebastian},
  journal={arXiv preprint arXiv:1609.08359},
  year={2016}
}

@article{outsios2019evaluation,
  title={Evaluation of Greek Word Embeddings},
  author={Outsios, Stamatis and Karatsalos, Christos and Skianis, Konstantinos and Vazirgiannis, Michalis},
  journal={arXiv preprint arXiv:1904.04032},
  year={2019}
}

@inproceedings{sprugnoli2019vir,
  title={Vir is to Moderatus as Mulier is to Intemperans-Lemma Embeddings for Latin.},
  author={Sprugnoli, Rachele and Passarotti, Marco and Moretti, Giovanni},
  booktitle={CLiC-it},
  year={2019}
}

@inproceedings{elrazzaz2017methodical,
  title={Methodical evaluation of Arabic word embeddings},
  author={Elrazzaz, Mohammed and Elbassuoni, Shady and Shaban, Khaled and Helwe, Chadi},
  booktitle={Proceedings of the 55th Annual Meeting of the Association for Computational Linguistics (Volume 2: Short Papers)},
  pages={454--458},
  year={2017}
}

@inproceedings{agrawal2018learning,
  title={Learning emotion-enriched word representations},
  author={Agrawal, Ameeta and An, Aijun and Papagelis, Manos},
  booktitle={Proceedings of the 27th International Conference on Computational Linguistics},
  pages={950--961},
  year={2018}
}







